<?xml version="1.0" encoding="UTF-8"?><record xmlns="http://www.loc.gov/MARC21/slim" xmlns:cinclude="http://apache.org/cocoon/include/1.0" xmlns:zs="http://www.loc.gov/zing/srw/">
  <leader>00389nz  a2200133n  4500</leader>
  <controlfield tag="001">no2012077359</controlfield>
  <controlfield tag="003">DLC</controlfield>
  <controlfield tag="005">20120607075004.0</controlfield>
  <controlfield tag="008">120605n| acannaabn          |n aaa     c</controlfield>
  <datafield tag="010" ind1=" " ind2=" ">
    <subfield code="a">no2012077359</subfield>
  </datafield>
  <datafield tag="035" ind1=" " ind2=" ">
    <subfield code="a">(OCoLC)oca09217493</subfield>
  </datafield>
  <datafield tag="040" ind1=" " ind2=" ">
    <subfield code="a">GU-Mu</subfield>
    <subfield code="b">eng</subfield>
    <subfield code="c">GU-Mu</subfield>
  </datafield>
  <datafield tag="100" ind1="1" ind2=" ">
    <subfield code="a">MuĚller, Michael L.</subfield>
  </datafield>
  <datafield tag="670" ind1=" " ind2=" ">
    <subfield code="a">Mozart, W.A. Requiem, p2011:</subfield>
    <subfield code="b">insert (Michael L. MuĚller, tenor; b. Halle an der Saale)</subfield>
  </datafield>
</record>